<record><leader>00000cas a22000007a 4500</leader><controlfield tag="001">28513176</controlfield><controlfield tag="008">930726d18881890scuwr ne      0    0eng d</controlfield><datafield ind1=" " ind2=" " tag="010"><subfield code="a">sn 93067880 </subfield></datafield><datafield ind1=" " ind2=" " tag="040"><subfield code="a">SVN</subfield><subfield code="b">eng</subfield><subfield code="c">SVN</subfield><subfield code="d">NVJ</subfield><subfield code="d">OCLCQ</subfield></datafield><datafield ind1=" " ind2=" " tag="042"><subfield code="a">msc</subfield></datafield><datafield ind1="0" ind2="4" tag="245"><subfield code="a">The Pee Dee alliance.</subfield></datafield><datafield ind1=" " ind2=" " tag="260"><subfield code="a">Bennettsville, S.C. :</subfield><subfield code="b">J. Preston Gibson</subfield></datafield><datafield ind1=" " ind2=" " tag="300"><subfield code="a">v.</subfield></datafield><datafield ind1=" " ind2=" " tag="310"><subfield code="a">Weekly</subfield></datafield><datafield ind1="1" ind2=" " tag="362"><subfield code="a">Began in 1888; ceased in 1890?</subfield></datafield><datafield ind1=" " ind2=" " tag="588"><subfield code="a">Description based on: Vol. 1, no. 31 (July 11, 1889).</subfield></datafield><datafield ind1=" " ind2="4" tag="651"><subfield code="a">Marlboro County (S.C.)</subfield><subfield code="v">Newspapers.</subfield></datafield><datafield ind1=" " ind2=" " tag="752"><subfield code="a">United States</subfield><subfield code="b">South Carolina</subfield><subfield code="c">Marlboro</subfield><subfield code="d">Bennettsville.</subfield></datafield><datafield ind1="0" ind2="0" tag="785"><subfield code="t">Pee Dee argus</subfield><subfield code="w">(DLC)sn 97064664</subfield></datafield><datafield ind1="1" ind2=" " tag="029"><subfield code="a">AU@</subfield><subfield code="b">000025894768</subfield></datafield></record>